@book{sutton1998introduction,
  author = {Richard S Sutton and Andrew G Barto},
  title = {Reinforcement Learning: An Introduction},
  publisher = {MIT Press},
  year = {1998}
}

@book{simon2009NN,
    author = {Haykin, Simon},
    title = {Neural Networks and Learning Machines},
    publisher = {Pearson Prentice Hall},
    year = {2009},
}

@article{bellemare2013arcade,
  author = {{Bellemare}, M.~G. and {Naddaf}, Y. and {Veness}, J. and {Bowling}, M.},
  title = {The Arcade Learning Environment: An Evaluation Platform for General Agents},
  journal = {Journal of Artificial Intelligence Research},
  year = "2013",
  month = 6,
  volume = "47",
  pages = "253--279",
}

@article{mnih2015human,
  title={Human-level control through deep reinforcement learning},
  author={Mnih, Volodymyr and Kavukcuoglu, Koray and Silver, David and Rusu, Andrei A and Veness, Joel and Bellemare, Marc G and Graves, Alex and Riedmiller, Martin and Fidjeland, Andreas K and Ostrovski, Georg and others},
  journal={Nature},
  volume={518},
  number={7540},
  pages={529--533},
  year={2015},
  publisher={Nature Publishing Group}
}

@article{mnih2013,
    author = {Mnih, Volodymyr and Kavukcuoglu, Koray and Silver, David and Graves, Alex and Antonoglou, Ioannis and Wierstra, Daan and Martin Riedmiller},
    title = {Playing Atari with Deep Reinforcement Learning},
    journal = {arXiv preprint arXiv:1312.5602v1},
    year = {2013},
}

@article{mnih2016A3C,
  title={Asynchronous Methods for Deep Reinforcement Learning},
  author={Mnih,Volodymyr and Puigdomenech Badia, Adria and Mirza, Mehdi and Graves, Alex and P. Lillicrap, Timothy and Harley,Tim and Silver, David and Kavukcuoglu, Koray},
  journal={arXiv preprint arXiv:1602.01783v2},
  year={2016}
}

@article{bellemare2016unifying,
  title={Unifying Count-Based Exploration and Intrinsic Motivation},
  author={Bellemare, Marc G and Srinivasan, Sriram and Ostrovski, Georg and Schaul, Tom and Saxton, David and Munos, Remi},
  journal={arXiv preprint arXiv:1606.01868},
  year={2016}
}

@article{kulkarni2016hierarchical,
  title={Hierarchical Deep Reinforcement Learning: Integrating Temporal Abstraction and Intrinsic Motivation},
  author={Kulkarni, Tejas D and Narasimhan, Karthik R and Saeedi, Ardavan and Tenenbaum, Joshua B},
  journal={arXiv preprint arXiv:1604.06057},
  year={2016}
}

@article{frans2017meta,
  title={Meta learning shared hierarchies},
  author={Frans, Kevin and Ho, Jonathan and Chen, Xi and Abbeel, Pieter and Schulman, John},
  journal={arXiv preprint arXiv:1710.09767},
  year={2017}
}

@masterthesis{adriaTFG,
    author = {Garriga Alonso, Adrià},
    title = {Solving Montezuma’s Revenge with planning and reinforcement learning},
    school = {Universidad Pompeu Fabra},
    url = {https://github.com/rhaps0dy/report-TFG},
    year = {2016},
}

@inproceedings{ng1999policy,
  title={Policy invariance under reward transformations: Theory and application to reward shaping},
  author={Ng, Andrew Y and Harada, Daishi and Russell, Stuart},
  booktitle={ICML},
  volume={99},
  pages={278--287},
  year={1999}
}

@misc{gym,
  Author = {Greg Brockman and Vicki Cheung and Ludwig Pettersson and Jonas Schneider and John Schulman and Jie Tang and Wojciech Zaremba},
  Title = {OpenAI Gym},
  Year = {2016},
  Eprint = {arXiv:1606.01540},
}

@misc{deepmind_tensorflow,
    title={DeepMind moves to TensorFlow},
    url = {https://ai.googleblog.com/2016/04/deepmind-moves-to-tensorflow.html},
    note = {Last retrieved: \today},
    author = {Kavukcuoglu, Koray},
    year = {2016},
}
@misc{rmsprop,
    author={Hinton, Geoff},
    title = {Overview	of	mini-batch	gradient	descent},
    url = {http://www.cs.toronto.edu/~tijmen/csc321/slides/lecture_slides_lec6.pdf},
    note = {Last retrieved: \today},
    year = {2014},
}

@misc{tensorflow2015,
title={ {TensorFlow}: Large-Scale Machine Learning on Heterogeneous Systems},
url={https://www.tensorflow.org/},
note={Software available from tensorflow.org. Last retrieved: \today.},
author={
    Mart\'{\i}n~Abadi and
    Ashish~Agarwal and
    Paul~Barham and
    Eugene~Brevdo and
    Zhifeng~Chen and
    Craig~Citro and
    Greg~S.~Corrado and
    Andy~Davis and
    Jeffrey~Dean and
    Matthieu~Devin and
    Sanjay~Ghemawat and
    Ian~Goodfellow and
    Andrew~Harp and
    Geoffrey~Irving and
    Michael~Isard and
    Yangqing Jia and
    Rafal~Jozefowicz and
    Lukasz~Kaiser and
    Manjunath~Kudlur and
    Josh~Levenberg and
    Dandelion~Man\'{e} and
    Rajat~Monga and
    Sherry~Moore and
    Derek~Murray and
    Chris~Olah and
    Mike~Schuster and
    Jonathon~Shlens and
    Benoit~Steiner and
    Ilya~Sutskever and
    Kunal~Talwar and
    Paul~Tucker and
    Vincent~Vanhoucke and
    Vijay~Vasudevan and
    Fernanda~Vi\'{e}gas and
    Oriol~Vinyals and
    Pete~Warden and
    Martin~Wattenberg and
    Martin~Wicke and
    Yuan~Yu and
    Xiaoqiang~Zheng},
  year={2015},
}